@unpublished{CIPMMRAweb,
    author = {BIPM},
    title = {},
    note = {https://www.bipm.org/en/cipm-mra}
}

@article{MRAReview,
    author = {Working Group on the CIPM MRA Review},
    title = {Recommendations from the 
Working Group on the Implementation and 
Operation of the CIPM MRA},
    journal = {BIPM},
    year = {2016},
    url = {https://www.bipm.org/documents/20126/258862808/Recommendations-CIPM-MRA-Review.pdf}
}

@unpublished{SIRef,
    author = {BIPM},
    title = {},
    note = {https://si-digital-framework.org/SI}
}

@unpublished{Classifications,
    author = {BIPM},
    title = {},
    note = {https://www.bipm.org/en/cipm-mra/cipm-mra-documents/service-categories}
}

@unpublished{KCDBapi,
    author = {BIPM},
    title = {},
    note = {https://www.bipm.org/en/cipm-mra/kcdb-api}
}

@unpublished{MSLKCDB,
    author = {MSL},
    title = {},
    note = {https://mslnz.github.io/msl-kcdb/}
}
